% ODS
@article{peleg2001omnistereo,
	title={Omnistereo: Panoramic stereo imaging},
	author={Peleg, Shmuel and Ben-Ezra, Moshe and Pritch, Yael},
	journal={IEEE Transactions on Pattern Analysis and Machine Intelligence},
	volume={23},
	number={3},
	pages={279--290},
	year={2001},
	publisher={IEEE}
}
@inproceedings{kang2000geometry,
	title={The Geometry-Image Representation Tradeoff for Rendering.},
	author={Kang, Sing Bing and Szeliski, Richard and Anandan, P},
	booktitle={ICIP},
	pages={13--16},
	year={2000}
}
@inproceedings{ishiguro1990omni,
	title={Omni-directional stereo for making global map},
	author={Ishiguro, Hiroshi and Yamamoto, Masashi and Tsuji, Saburo},
	booktitle={Computer Vision, 1990. Proceedings, Third International Conference on},
	pages={540--547},
	year={1990},
	organization={IEEE}
}


@inproceedings{richardt2013megastereo,
	title={Megastereo: Constructing high-resolution stereo panoramas},
	author={Richardt, Christian and Pritch, Yael and Zimmer, Henning and Sorkine-Hornung, Alexander},
	booktitle={Proceedings of the IEEE Conference on Computer Vision and Pattern Recognition},
	pages={1256--1263},
	year={2013}
}
@inproceedings{richardt2017video,
	title={Video for virtual reality},
	author={Richardt, Christian and Tompkin, James and Halsey, Jordan and Hertzmann, Aaron and Starck, Jonathan and Wang, Oliver},
	booktitle={ACM SIGGRAPH 2017 Courses},
	pages={16},
	year={2017},
	organization={ACM}
}

@inproceedings{ho2017dual,
	title={Dual-fisheye lens stitching for 360-degree imaging},
	author={Ho, Tuan and Budagavi, Madhukar},
	booktitle={Acoustics, Speech and Signal Processing (ICASSP), 2017 IEEE International Conference on},
	pages={2172--2176},
	year={2017},
	organization={IEEE}
}



@online{fbSurround360,
	author = {facebook},
	title = {Facebook Surround 360},
	year = 2017,
	url = {https://github.com/facebook/Surround360},
	urldate = {2018-06-30}
}

@article{konrad2017spinvr,
	title={SpinVR: towards live-streaming 3D virtual reality video},
	author={Konrad, Robert and Dansereau, Donald G and Masood, Aniq and Wetzstein, Gordon},
	journal={ACM Transactions on Graphics (TOG)},
	volume={36},
	number={6},
	pages={209},
	year={2017},
	publisher={ACM}
}
%http://www.computationalimaging.org/wp-content/uploads/2017/09/spinvr2017.pdf
@article{lindellvirtual,
	title={Virtual Reality Motion Parallax with the Facebook Surround-360},
	author={Lindell, David and Thatte, Jayant}
}

@inproceedings{cuervo2018creating,
	title={Creating the Perfect Illusion: What will it take to Create Life-Like Virtual Reality Headsets?},
	author={Cuervo, Eduardo and Chintalapudi, Krishna and Kotaru, Manikanta},
	booktitle={Proceedings of the 19th International Workshop on Mobile Computing Systems \& Applications},
	pages={7--12},
	year={2018},
	organization={ACM}
}

@inproceedings{min2011revisit,
	title={A revisit to cost aggregation in stereo matching: How far can we reduce its computational redundancy?},
	author={Min, Dongbo and Lu, Jiangbo and Do, Minh N},
	booktitle={Computer Vision (ICCV), 2011 IEEE International Conference on},
	pages={1567--1574},
	year={2011},
	organization={IEEE}
}

D. Min, J. Lu, and M. N. Do, “Joint Histogram Based Cost Aggregation for Stereo Matching,” IEEE Trans. on Pattern Analysis and Machine Intelligence (TPAMI), vol. 35, no. 10, pp. 2539-2545, Oct. 2013. [pdf]
J. Lu, H. Yang, D. Min, and M. N. Do, “PatchMatch Filter: Efficient Edge-Aware Filtering Meets Randomized Search for Fast Correspondence Field Estimation,” IEEE Int. Conf. on Computer Vision and Pattern Recognition (CVPR), Jun. 2013. (Oral) [pdf][ppt]
B. Ham, D. Min, C. Oh, M. N. Do, and K. Sohn, “Probability-Based Rendering for View Synthesis,” IEEE Trans. on Image Processing (TIP), vol. 23, no. 2, pp. 870-884, Feb. 2014. [pdf][web]
D. Vu, B. Chidester, H. Yang, M. N. Do, and J. Lu, “Efficient Hybrid Tree-Based Stereo Matching with Applications to Post-Capture Image Refocusing,” IEEE Trans. Image Processing (TIP), vol. 23, no. 8, pp. 3428-3442, Aug. 2014. [pdf][demo]
K. Zhang, Y. Fang, D. Min, L. Sun, S. Yang, S. Yan, and Q. Tian, “Cross-Scale Cost Aggregation for Stereo Matching,” IEEE Int. Conf. on Computer Vision and Pattern Recognition (CVPR), Jun. 2014. [pdf]
J. Lu, Y. Li, H. Yang, D. Min, W. Eng, and M. N. Do, “PatchMatch Filter: Edge-Aware Filtering Meets Randomized Search for Correspondence Field Estimation,” IEEE Trans. on Pattern Analysis and Machine Intelligence (TPAMI), vol. 39, no. 9, pp. 1866-1879, Sep. 2017. [preprint]

http://homepages.inf.ed.ac.uk/rbf/CVonline/LOCAL_COPIES/AVIDAN/novelView.html

%Camera Calibration

Single View Point Omnidirectional Camera Calibration from
Planar Grids
Christopher Mei and Patrick Rives
http://www.robots.ox.ac.uk/~cmei/Toolbox.html#download

% Image Signal Processing
@online{Milbeaut-ISP,
	author = "",
	title = "Milbeaut ISP",
	url  = "http://socionextus.com/products/image-processors-milbeaut/mbg967-image-signal-processor-2",
	addendum = "(accessed: 2018-09-30)",
	keywords = "latex,knuth"
}

% Contains Spatial Transform Engine 
% Raster Buffer size  - 
@online{ONSEMI-ISP,
	author = "",
	title = "ONSEMI ISP",
	url  = "http://www.onsemi.com/pub/Collateral/AP0100CS-D.PDF",
	addendum = "(accessed: 2018-09-30)",
	keywords = "latex,knuth"
}

Related 360 camera works:


Instant 3D Photography( 2D to 3D)
http://visual.cs.ucl.ac.uk/pubs/instant3d/instant3d_siggraph_2018.pdf

DEPTH AUGMENTED STEREO PANORAMA FOR CINEMATIC VIRTUAL REALITY WITH
HEAD-MOTION PARALLAX
https://web.stanford.edu/~jbboin/doc/2016_ICME.pdf

% focal length in pixels 
% http://www.optics-online.com/OOL/DSL/DSL181.PDF

% https://elinux.org/Jetson/Computer_Vision_Performance

% Myraid 2 - Always on Vision Processing for Mobile Applications.
% http://resourcemagonline.com/wp-content/uploads/2016/09/Alwayson-VPU-for-Mobile-Applications.pdf
% % 2Mb RAM
% 4 x 32 kB x 12 blocks

% ISP, Android Camera Pipeline https://web.stanford.edu/class/cs231m/lectures/lecture-11-camera-isp.pdf

% Glimpse: A Programmable Early-Discard Camera
Architecture for Continuous Mobile Visio

Streaming Architecture:
Stream-Dataflow Acceleration.
http://dl.acm.org/citation.cfm?id=3080255


@string{apl = {Appl. Phys. Lett.}}
@string{arpc = {Annu. Rev. Phys. Chem.}}
@string{assp = {Adv. Solid State Phys.}}
@string{cise = {Computing in Science and Eng.}}
@string{cpl = {Chem. Phys. Lett.}}
@string{epl = {Europhys. Lett.}}
@string{ijqc = {Int. J. Quant. Chem.}}
@string{jap = {J. Appl. Phys.}}
@string{jce = {J. Comput. Electron.}}
@string{jcg = {J. Cryst. Growth}}
@string{jcp = {J. Chem. Phys.}}
@string{jem = {J. Elec. Mat.}}
@string{jltp = {J. of Low Temp. Phys.}}
@string{jp = {J. Physique}}
@string{jpc = {J. Phys. Chem.}}
@string{jpcb = {J. Phys. Chem. B}}
@string{jpcm = {J. Phys.: Condens. Matter}}
@string{jsp = {J. Stat. Phys.}}
@string{mrs = {MRS Bull.}}
@string{nature = {Nature}}
@string{npa = {Nuc. Phys. A}}
@string{pe = {Physica E}}
@string{pla = {Phys. Lett. A}}
@string{plb = {Phys. Lett. B}}
@string{pnas = {Proc. Nat. Acad. Sci.}}
@string{pr = {Phys. Rev}}
@string{pra = {Phys. Rev. A}}
@string{prb = {Phys. Rev. B}}
@string{prc = {Phys. Rev. C}}
@string{prd = {Phys. Rev. D}}
@string{pre = {Phys. Rev. E}}
@string{prl = {Phys. Rev. Lett.}}
@string{pssa = {Phys. Stat. Sol. (a)}}
@string{pssb = {Phys. Stat. Sol. (b)}}
@string{rmp = {Rev. Mod. Phys.}}
@string{science = {Science}}
@string{sm = {Superlattices and Microstructures}}
@string{ssc = {Solid State Comm.}}
@string{sst = {Semicond. Sci. Technol.}}
